@book{walker2014,
    author    = {Walker, Jearl and Halliday, David and Resnick, Robert},
    title     = {Fundamentals of Physics},
    edition   = {10th},
    year      = {2014},
    publisher = {Wiley},
    address   = {Hoboken, NJ},
    isbn      = {978-1118230732},
}
@book{bolkowski1986,
    author    = {Stanisław Bolkowski},
    title     = {Elektrotechnika teoretyczna. Tom 1: Teoria obwodów elektrycznych},
    year      = {1986},
    publisher = {Wydawnictwa Naukowo-Techniczne},
    address   = {Warszawa},
    isbn      = {83-204-0733-8}
}
@book{halliday2006,
    author    = {David Halliday and Robert Resnick and Jearl Walker},
    title     = {Podstawy fizyki},
    year      = {2006},
    edition   = {Polska edycja},
    publisher = {Wydawnictwo Naukowe PWN},
    address   = {Warszawa},
    isbn      = {83-01-14694-5}
}
@book{ashcroft2008,
    author    = {Neil W. Ashcroft and N. David Mermin},
    title     = {Solid State Physics},
    edition   = {8th},
    year      = {2008},
    publisher = {Brooks/Cole},
    address   = {New York, NY}
}
@book{platt2021,
    author       = {Charles Platt},
    title        = {Encyklopedia elementów elektronicznych. Tom 1: Rezystory, kondensatory, cewki indukcyjne, przełączniki, enkodery, przekaźniki i tranzystory},
    year         = {2021},
    publisher    = {Helion SA},
    address      = {Gliwice},
    isbn         = {978-83-283-6945-0},
}
@manual{instrukcja_ut58,
  title        = {Instrukcja obsługi miernika UT58A/B/C},
  author       = {Producent},
  organization = {Tridex},
  year         = {2015},
  url          = {tridex.pl/uploads/pliki/p/4720_Instrukcja_obsługi.pdf},
  note         = {Dostęp: 16 stycznia 2025}
}
@manual{ndn_instrukcja_736,
  title        = {Karta produktu KL-210},
  author       = {{ECE/NDE}},
  year         = {n.d.},
  url          = {ndn.com.pl/pl/index.php?controller=attachment&id_attachment=736},
  note         = {Dostęp: 16 stycznia 2025 r.}
}

